@book{ngerman,
    title={Der Nigger},
    author={Tim, Olli},
    year={1945},
    publisher={Hurensohn}
}